@inproceedings{ring_noRO,
	title={Ring signatures: Stronger definitions, and constructions without random oracles},
	author={Bender, Adam and Katz, Jonathan and Morselli, Ruggero},
	booktitle={Theory of Cryptography: Third Theory of Cryptography Conference, TCC 2006, New York, NY, USA, March 4-7, 2006. Proceedings 3},
	pages={60--79},
	year={2006},
	organization={Springer}
}

@inproceedings{ring_linkable,
	title={Linkable ring signatures: Security models and new schemes},
	author={Liu, Joseph K and Wong, Duncan S},
	booktitle={Computational Science and Its Applications--ICCSA 2005: International Conference, Singapore, May 9-12, 2005, Proceedings, Part II 5},
	pages={614--623},
	year={2005},
	organization={Springer}
}

@inproceedings{ring_accountable,
	title={Short accountable ring signatures based on DDH},
	author={Bootle, Jonathan and Cerulli, Andrea and Chaidos, Pyrros and Ghadafi, Essam and Groth, Jens and Petit, Christophe},
	booktitle={Computer Security--ESORICS 2015: 20th European Symposium on Research in Computer Security, Vienna, Austria, September 21-25, 2015, Proceedings, Part I},
	pages={243--265},
	year={2016},
	organization={Springer}
}

@inproceedings{ring_efficient,
	title={Efficient ring signatures in the standard model},
	author={Malavolta, Giulio and Schr{\"o}der, Dominique},
	booktitle={Advances in Cryptology--ASIACRYPT 2017: 23rd International Conference on the Theory and Applications of Cryptology and Information Security, Hong Kong, China, December 3-7, 2017, Proceedings, Part II 23},
	pages={128--157},
	year={2017},
	organization={Springer}
}

@inproceedings{ring_sublinear,
	title={Ring signatures of sub-linear size without random oracles},
	author={Chandran, Nishanth and Groth, Jens and Sahai, Amit},
	booktitle={Automata, Languages and Programming: 34th International Colloquium, ICALP 2007, Wroc{\l}aw, Poland, July 9-13, 2007. Proceedings 34},
	pages={423--434},
	year={2007},
	organization={Springer}
}

@article{ring_linkablee,
	title={Linkable ring signature with unconditional anonymity},
	author={Liu, Joseph K and Au, Man Ho and Susilo, Willy and Zhou, Jianying},
	journal={IEEE Transactions on Knowledge and Data Engineering},
	volume={26},
	number={1},
	pages={157--165},
	year={2013},
	publisher={IEEE}
}