
@misc{IPCC2022,
    title = {Climate Change 2022: Impacts, Adaptation and Vulnerability. Working Group II Contribution to the IPCC Sixth Assessment Report},
    howpublished = {Cambridge University Press. In Press.},
    url = {https://www.ipcc.ch/report/ar6/wg2/},
}

@misc{carrying_capasity,
    author = {David Spratt},
    title = {At $4^{\circ}$C of warming, would a billion people survive? What scientists say.},
    hotpublished = {https://www.climatecodered.org/2019/08/at-4c-of-warming-would-billion-people.html},
}

